<?xml version="1.0" encoding="UTF-8"?><collection xmlns="http://www.loc.gov/MARC21/slim"><record><leader>00348nam--2200133-i-4500</leader><controlfield tag="001">000002856</controlfield><controlfield tag="002">20161230</controlfield><controlfield tag="005">20161230201025</controlfield><controlfield tag="008">060222s1000------------r-----000-0-eng-d</controlfield><datafield ind1=" " ind2=" " tag="080"><subfield code="a">681.14</subfield></datafield><datafield ind1=" " ind2=" " tag="100"><subfield code="a">Berkeley, E.C</subfield></datafield><datafield ind1=" " ind2=" " tag="245"><subfield code="a">Giant brains or machines that think</subfield></datafield><datafield ind1=" " ind2=" " tag="260"><subfield code="a">New York, John Wiley, 1955 (4 -th Printing) Xvi + 270 P</subfield></datafield><datafield ind1=" " ind2=" " tag="852"><subfield code="a">10834</subfield></datafield></record></collection>